@article{means,
	title={Using confidence intervals in within-subject designs},
	author={Loftus, Geoffrey R and Masson, Michael EJ},
	journal={Psychonomic bulletin \& review},
	volume={1},
	number={4},
	pages={476--490},
	year={1994},
	publisher={Springer}
}

@article{variances,
	title={A note on preliminary tests of equality of variances},
	author={Zimmerman, Donald W},
	journal={British Journal of Mathematical and Statistical Psychology},
	volume={57},
	number={1},
	pages={173--181},
	year={2004},
	publisher={Wiley Online Library}
}